
@MANUAL{devAppleStats,
    title = "App Store Distribution - Apple Developer",
    organization = "Apple, Inc.",
    url = "https://developer.apple.com/support/appstore/",
    note = "[cit. 2014-04-27]",
    key = "ios7stats"
}

@MANUAL{myFieldHockeyAppstore,
	organization = "Apple, Inc.",
	title = "My Field Hockey Coach Free na App store",
	note = "[cit. 2014-01-02]",
	url = "https://itunes.apple.com/us/app/my-field-hockey-coach-free/id457826679?mt=8"
}

@MANUAL{iceHockeyBoardAppstore,
	organization = "Apple, Inc.",
	title = "IceHockey Board Free na App store",
	note = "[cit. 2014-01-02]",
	url = "https://itunes.apple.com/ca/app/icehockey-board-free/id366079177?mt=8"
}

@MANUAL{coachnoteAppstore,
	organization = "Apple, Inc.",
	title = "CoachNote Hockey And Ringette na App store",
	note = "[cit. 2014-01-02]",
	url = "https://itunes.apple.com/us/app/coachnote-hockey-ringette/id562205341?mt=8"
}

@MANUAL{exerciseDrawerOnline,
	author = "Janák, Jiří",
	title = "Exercise Drawer",
	note = "[cit. 2014-01-13]",
	url = "http://floorballcoach.org/exercisedrawer/"
}

@MANUAL{moqupsOnline,
	organization = "S.C. EverCoder Software SRL",
	title = "Moqups",
	note = "[cit. 2014-01-27]",
	url = "https://moqups.com/"
}

@MANUAL{ios7compat,
	organization = "Apple, Inc.",
	title = "Apple Unveils iOS 7",
	note = "[cit. 2014-04-27]",
	url = "http://www.apple.com/pr/library/2013/06/10Apple-Unveils-iOS-7.html"
}

@MANUAL{aboutObjCOnline,
	organization = "Apple, Inc.",
	title = "About Objective-C",
	note = "[cit. 2014-05-03]",
	url = "https://developer.apple.com/library/mac/documentation/cocoa/conceptual/ProgrammingWithObjectiveC/Introduction/Introduction.html"
}

@MANUAL{plistKeysOnline,
	organization = "Apple, Inc.",
	title = "Property list iOS Keys Reference",
	note = "[cit. 2014-05-03]",
	url = "https://developer.apple.com/library/ios/documentation/general/Reference/InfoPlistKeyReference/Articles/iPhoneOSKeys.html"
}

@MANUAL{appleMVCOnline,
	organization = "Apple, Inc.",
	title = "Model-View-Controller",
	note = "[cit. 2014-05-03]",
	url = "https://developer.apple.com/library/ios/documentation/general/conceptual/devpedia-cocoacore/MVC.html"
}

@MANUAL{nsCodingOnline,
	organization = "Apple, Inc.",
	title = "NSCoding reference",
	note = "[cit. 2014-05-03]",
	url = "https://developer.apple.com/library/ios/documentation/general/conceptual/devpedia-cocoacore/MVC.html"
}
